<record><leader>00000cas a22000007a 4500</leader><controlfield tag="001">9345968</controlfield><controlfield tag="008">830325d18801934nyudr ne      0    0ger d</controlfield><datafield ind1=" " ind2=" " tag="010"><subfield code="a">sn 83030145 </subfield></datafield><datafield ind1=" " ind2=" " tag="040"><subfield code="a">NPU</subfield><subfield code="b">eng</subfield><subfield code="c">NPU</subfield><subfield code="d">DLC</subfield><subfield code="d">YOX</subfield><subfield code="d">NSD</subfield><subfield code="d">NYS</subfield><subfield code="d">YOX</subfield><subfield code="d">NYS</subfield><subfield code="d">CNW</subfield><subfield code="d">OCLCQ</subfield><subfield code="d">KRTAS</subfield><subfield code="d">OCLCQ</subfield><subfield code="d">OCLCF</subfield><subfield code="d">OCLCO</subfield></datafield><datafield ind1="1" ind2=" " tag="029"><subfield code="a">AU@</subfield><subfield code="b">000025821664</subfield></datafield><datafield ind1=" " ind2=" " tag="042"><subfield code="a">msc</subfield></datafield><datafield ind1=" " ind2=" " tag="043"><subfield code="a">n-us-ny</subfield></datafield><datafield ind1="0" ind2="0" tag="245"><subfield code="a">New Yorker Herold Abend Zeitung.</subfield></datafield><datafield ind1="3" ind2="0" tag="246"><subfield code="a">New Yorker Herold</subfield></datafield><datafield ind1="3" ind2="0" tag="246"><subfield code="a">New Yorker Herold und New-Yorker Staats-Zeitung. Abendblatt</subfield></datafield><datafield ind1="3" ind2="0" tag="246"><subfield code="a">Combined New York evening newspapers</subfield></datafield><datafield ind1=" " ind2=" " tag="260"><subfield code="a">New York [N.Y.] :</subfield><subfield code="b">s.n.]</subfield></datafield><datafield ind1=" " ind2=" " tag="300"><subfield code="a">v.</subfield></datafield><datafield ind1=" " ind2=" " tag="310"><subfield code="a">Daily (except Sunday)</subfield></datafield><datafield ind1="1" ind2=" " tag="362"><subfield code="a">Began in 1880.</subfield></datafield><datafield ind1="0" ind2=" " tag="362"><subfield code="a">-55. Jahrg., no. 58 (1. Dez. 1934).</subfield></datafield><datafield ind1=" " ind2=" " tag="500"><subfield code="a">Published as: New Yorker Herold und New-Yorker Staats-Zeitung. Abendblatt, Dec. 1, 1919-Aug. 31, 1920.</subfield></datafield><datafield ind1=" " ind2=" " tag="500"><subfield code="a">Issues for Sept. 18-26, 1923 published jointly with other newspapers as: Combined New York evening newspapers.</subfield></datafield><datafield ind1=" " ind2=" " tag="500"><subfield code="a">Pub. as New Yorker Herold, &lt;Oct. 19, 1934-&gt;.</subfield></datafield><datafield ind1=" " ind2=" " tag="500"><subfield code="a">Pub. by Staats-Herold Corp., &lt;Oct. 19, 1934-&gt;.</subfield></datafield><datafield ind1=" " ind2=" " tag="530"><subfield code="a">Also issued on microfilm from the New York Public Library.</subfield></datafield><datafield ind1=" " ind2=" " tag="546"><subfield code="a">In German.</subfield></datafield><datafield ind1=" " ind2=" " tag="580"><subfield code="a">Morning ed.: New Yorker Herold Morgenblatt.</subfield></datafield><datafield ind1=" " ind2=" " tag="580"><subfield code="a">Sunday ed.: New Yorker Herold Sonntagsblatt.</subfield></datafield><datafield ind1=" " ind2=" " tag="588"><subfield code="a">Description based on: 8. Jahrg., no. 2 (27. Sept. 1887).</subfield></datafield><datafield ind1=" " ind2="0" tag="650"><subfield code="a">Germans</subfield><subfield code="z">New York (State)</subfield><subfield code="v">Newspapers.</subfield></datafield><datafield ind1=" " ind2="0" tag="650"><subfield code="a">German Americans</subfield><subfield code="z">New York (State)</subfield><subfield code="v">Newspapers.</subfield></datafield><datafield ind1=" " ind2="4" tag="651"><subfield code="a">New York (N.Y.)</subfield><subfield code="v">Newspapers.</subfield></datafield><datafield ind1=" " ind2="7" tag="655"><subfield code="a">Newspapers.</subfield><subfield code="2">fast</subfield><subfield code="0">(OCoLC)fst01423814</subfield></datafield><datafield ind1=" " ind2="7" tag="650"><subfield code="a">German Americans.</subfield><subfield code="2">fast</subfield><subfield code="0">(OCoLC)fst00941308</subfield></datafield><datafield ind1=" " ind2="7" tag="650"><subfield code="a">Germans.</subfield><subfield code="2">fast</subfield><subfield code="0">(OCoLC)fst00942100</subfield></datafield><datafield ind1=" " ind2="7" tag="651"><subfield code="a">New York (State)</subfield><subfield code="2">fast</subfield><subfield code="0">(OCoLC)fst01210280</subfield></datafield><datafield ind1=" " ind2=" " tag="752"><subfield code="a">United States</subfield><subfield code="b">New York</subfield><subfield code="c">New York</subfield><subfield code="d">New York.</subfield></datafield><datafield ind1="1" ind2=" " tag="775"><subfield code="t">New Yorker Herold Morgenblatt</subfield><subfield code="w">(DLC)sn 88073002</subfield></datafield><datafield ind1="1" ind2=" " tag="775"><subfield code="t">New Yorker Herold Sonntagsblatt</subfield><subfield code="w">(DLC)sn 88073066</subfield></datafield><datafield ind1="0" ind2="7" tag="785"><subfield code="t">New-Yorker Staats-Zeitung (New York, N.Y. : Daily)</subfield><subfield code="w">(DLC)sn 83030124</subfield></datafield><datafield ind1="0" ind2="7" tag="785"><subfield code="t">New Yorker Staats-Zeitung und Herold</subfield><subfield code="x">1050-4591</subfield><subfield code="w">(DLC)sn 83045728</subfield></datafield><datafield ind1=" " ind2=" " tag="938"><subfield code="a">Kirtas Technologies, Inc.</subfield><subfield code="b">KRTS</subfield><subfield code="n">736330</subfield></datafield></record>